@article{kirkpatrick83,
    author = {Kirkpatrick, S. and Gelatt Jr., C. D. and Vecchi, M. P.},
    title = {Optimization by Simulated Annealing},
    year = {1983},
    journal = {Science},
    volume = {220}
}

@article{chib95,
    author = {Siddhartha Chib and Edward Greenberg},
    title = {Understanding the Metropolis-Hastings Algorithm},
    year = {1995},
    journal = {The American Statistician},
    volume = {49}
}

@book{jähne,
    author = {Jähne, Bernd},
    title = {Digital Image Processing},
    year = {2002},
    edition = {5},
    publisher = {Springer},
    location = {Berliini and Heidelberg}
}

@book{laarhoven,
    author = {P. J. M. van Laarhoven and E. H. L. Aarts},
    title = {Simulated Annealing: Theory and Applications},
    year = {1987},
    publisher = {Reidel},
    location = {Dordrecht}
}

@book{salamonetal,
    author = {Peter Salamon and Paolo Sibani and Richard Frost},
    title = {Facts, Conjectures, and Improvements for Simulated Annealing},
    year = {2002},
    publisher = {SIAM},
    location = {Philadelphia},
    series = {SIAM Monographs on mathematical modeling and computation}
}


@book{haataja93,
    author = {Juha Haataja and Juhani Käpyaho and Jussi Rahola},
    title = {Numeeriset menetelmät},
    year = {1993},
    publisher = {CSC - Tieteellinen laskenta}
}

@book{recipes07,
    author = {William H. Press and others},
    title = {Numerical Recipes},
    subtitle = {Art of Scientific Programming},
    year = {2007},
    edition = {3},
    publisher = {Cambridge University Press},
    location = {New York}
}

@book{burger09,
    author = {Wilhelm Burger and Mark James Burge},
    title = {Principles of Digital Image Processing},
    subtitle = {Fundamental Techniques},
    year = {2009},
    series = {Undergraduate Topics in Computer Science},
    publisher = {Springer},
    location = {Lontoo}
}

@incollection{boncelet05bovik,
    author = {Charles Boncelet},
    title = {Image Noise Models},
    booktitle = {Handbook of Image and Video Processing},
    editor = {Alan C. Bovik},
    year = {2005},
    publisher = {Academic Press},
    location = {Amsterdam}
}

@collection{bovik05,
    editor = {Alan C. Bovik},
    isbn = {9780121197926},
    publisher = {Academic Press},
    title = {Handbook of Image and Video Processing.},
    year = {2005},
    location = {Amsterdam}
}

@collection{glover03,
    editor = {Fred Glover and Gary A. Kochenberger},
    isbn = {1-4020-7263-5},
    publisher = {Kluwer Academic Publishers},
    location = {Boston, Dordrecht, London},
    year = {2003},
    title = {Handbook of Metaheurestics}
}

@incollection{hendersonetal03glover,
    author = {Darrall Henderson and Sheldon H. Jacobson and Alan W. Johnson},
    title = {The Theory and Practice of Simulated Annealing},
    booktitle = {Handbook of Metaheurestics},
    editor = {Fred Glover and Gary A. Kochenberger},
    year = {2003},
    publisher = {Kluwer Academic Publishers}
}

@book{leavers92,
    author = {V. F. Leavers},
    title = {Shape Detection in Computer Vision Using the Hough Transform},
    year = {1992},
    publisher = {Springer-Verlag},
    location = {Lontoo}
}

@book{chaudhuri14,
    author = {Subhasis Chaudhuri and Rajbabu Velmurugan and Renu Rameshan},
    title = {Blind Image Deconvolution},
    year = {2014},
    publisher = {Springer}
}

@book{cormenetal09,
    author = {Thomas H. Cormen and Charles E. Leiserson and Ronald L. Rivest and Clifford Stein},
    title = {Introduction to Algorithms},
    edition = {3},
    year = {2009},
    publisher = {MIT Press},
    location = {Cambridge, Massachusetts}
}



@book{muellersiltanen12,
    author = {Jennifer Müeller and Samuli Siltanen},
    title = {Linear and Nonlinear Inverse Problems with Practical Applications},
    publisher = {SIAM},
    series = {Computational Science \& Engineering Series},
    location = {Philadelphia},
    year = {2012}
}


@inproceedings{lempitskyzissermanNIPS10,
    author = {Victor Lempitsky and Andrew Zisserman},
    title = {Learning to Count Objects in Images},
    year = {2010},
    booktitle = {Advances in Neural Information Processing Systems 23},
    editor = {J.D. Lafferty and C.K.I. Williams and J. Shawe-Taylor and R.S. Zemel and A. Culotta},
    pages = {1324--1332},
    year = {2010},
    publisher = {Curran Associates, Inc.},
    url = {http://papers.nips.cc/paper/4043-learning-to-count-objects-in-images.pdf}
}


@article{johnson11dwave,
    author = {M. W. Johnson and others},
    title = {Quantum annealing with manufactured spins},
    journal = {Nature},
    year = {2011},
    volume = {473},
    pages = {194 - 198}
}

@online{jones01scipy,
  author =    {Eric Jones and Travis Oliphant and Pearu Peterson and others},
  title =     {{SciPy}: Open source scientific tools for {Python}},
  year =      {2001--},
  url = "http://www.scipy.org/",
  note = {[Online; accessed 2015-11-24]}
}

@article{hunter07matplotlib,
    author = {John D. Hunter},
    title = {Matplotlib: A 2D Graphics Environment},
    journal = {Computing in Science \& Engineering},
    year = {2007},
    volume = {9},
    pages = {90 - 95}
}

@misc{matlab2014a,
    year = {2014},
    title = {MATLAB},
    label = {Matlab},
    version = {8.3.0 (R2014a)},
    organization = {The MathWorks Inc.},
    location = {Natick, Massachusetts}
}

@booklet{koistinen2013,
    year = {2013},
    title = {Todennäköisyyslaskenta},
    author = {Petri Koistinen},
    howpublished = {Luentomoniste}
}

@book{prince2012,
    year = {2012},
    title = {Computer vision: models, learning and inference},
    author = {Simon J.D. Prince},
    publisher = {Cambridge University Press}
}

@article{denchev2015,
    year = {2015},
    title = {What is the Computational Value of Finite Range Tunneling?},
    author = {Vasil S. Denchev and others},
    note = {arXiv:1512.02206},
    url = {http://arxiv.org/abs/1512.02206}
}

@misc{troyer2015,
    year = {2015},
    title = {Recent developments in quantum annealing},
    author = {Ilia Zintchenko and Ethan Brown and Matthias Troyer},
    url = {http://www.scottaaronson.com/troyer.pdf}
}
